@inproceedings{Inference,
 author = {Qian, Zhiyun and Mao, Z. Morley and Xie, Yinglian},
 title = {Collaborative TCP Sequence Number Inference Attack: How to Crack Sequence Number Under a Second},
 booktitle = {Proceedings of the 2012 ACM Conference on Computer and Communications Security},
 series = {CCS '12},
 year = {2012},
 isbn = {978-1-4503-1651-4},
 location = {Raleigh, North Carolina, USA},
 pages = {593--604},
 numpages = {12},
 url = {http://doi.acm.org/10.1145/2382196.2382258},
 doi = {10.1145/2382196.2382258},
 acmid = {2382258},
 publisher = {ACM},
 address = {New York, NY, USA},
} 

@INPROCEEDINGS{Reverse,
author={B. Guha and B. Mukherjee},
booktitle={INFOCOM '96. Fifteenth Annual Joint Conference of the IEEE Computer Societies. Networking the Next Generation. Proceedings IEEE},
title={Network security via reverse engineering of TCP code: vulnerability analysis and proposed solutions},
year={1996},
volume={2},
pages={603-610 vol.2},
doi={10.1109/INFCOM.1996.493354},
ISSN={0743-166X},
month={Mar}
}

@inproceedings{Cross-Path,
 author = {Shafiq, M. Zubair and Le, Franck and Srivatsa, Mudhakar and Liu, Alex X.},
 title = {Cross-path Inference Attacks on Multipath TCP},
 booktitle = {Proceedings of the Twelfth ACM Workshop on Hot Topics in Networks},
 series = {HotNets-XII},
 year = {2013},
 isbn = {978-1-4503-2596-7},
 location = {College Park, Maryland},
 pages = {15:1--15:7},
 articleno = {15},
 numpages = {7},
 url = {http://doi.acm.org/10.1145/2535771.2535782},
 doi = {10.1145/2535771.2535782},
 acmid = {2535782},
 publisher = {ACM},
 address = {New York, NY, USA},
}

@ARTICLE{Multipath,
author = {C. Pearce and S. Zeadally},
journal= {IEEE Internet Computing},
title = {Ancillary Impacts of Multipath TCP on Current and Future Network Security},
year = {2015}, 
volume = {19},
number = {5},
pages = {58-65},
doi = {10.1109/MIC.2015.70},
ISSN = {1089-7801},
month = {Sept}
}

@inproceedings{Vulnerablilities,
 author = {Formby, David and Jung, Sang Shin and Copeland, John and Beyah, Raheem},
 title = {An Empirical Study of TCP Vulnerabilities in Critical Power System Devices},
 booktitle = {Proceedings of the 2Nd Workshop on Smart Energy Grid Security},
 series = {SEGS '14},
 year = {2014},
 isbn = {978-1-4503-3154-8},
 location = {Scottsdale, Arizona, USA},
 pages = {39--44},
 numpages = {6},
 url = {http://doi.acm.org/10.1145/2667190.2667196},
 doi = {10.1145/2667190.2667196},
 acmid = {2667196},
 publisher = {ACM},
 address = {New York, NY, USA},
} 

@ARTICLE{Future,
author={W. Ding and Z. Yan and R. H. Deng},
journal={IEEE Access},
title={A Survey on Future Internet Security Architectures},
year={2016},
volume={4},
pages={4374-4393},
doi={10.1109/ACCESS.2016.2596705},
ISSN={2169-3536},
month={}
}
